<?xml version="1.0" encoding="UTF-8"?>
<record xmlns="http://www.loc.gov/MARC21/slim">
   <leader>02564cam a2200385 a 4500</leader>
   <controlfield tag="001">2931843</controlfield>
   <controlfield tag="003">NjP</controlfield>
   <controlfield tag="005">20171106174417.0</controlfield>
   <controlfield tag="008">940414s1953    ua       b    000 0 arard</controlfield>
   <datafield tag="024" ind1="7" ind2=" ">
      <subfield code="a">princeton_aco003531</subfield>
      <subfield code="2">local</subfield>
   </datafield>
   <datafield ind1=" " ind2=" " tag="035">
      <subfield code="a">(OCoLC)ocn178332190</subfield>
   </datafield>
   <datafield ind1=" " ind2=" " tag="035">
      <subfield code="a">(OCoLC)ocm30147247</subfield>
   </datafield>
   <datafield ind1=" " ind2=" " tag="040">
      <subfield code="a">OSU</subfield>
      <subfield code="c">PUL</subfield>
      <subfield code="d">PUL</subfield>
   </datafield>
   <datafield ind1=" " ind2=" " tag="035">
      <subfield code="a">(OCoLC)178332190</subfield>
   </datafield>
   <datafield ind1=" " ind2=" " tag="035">
      <subfield code="9">CPG0706TS</subfield>
   </datafield>
   <datafield ind1=" " ind2=" " tag="035">
      <subfield code="a">(NjP)2931843</subfield>
   </datafield>
   <datafield ind1=" " ind2=" " tag="079">
      <subfield code="a">ocm30147247</subfield>
   </datafield>
   <datafield ind1=" " ind2=" " tag="049">
      <subfield code="a">PULL</subfield>
   </datafield>
   <datafield ind1="1" ind2=" " tag="100">
      <subfield code="6">880-01</subfield>
      <subfield code="a">Dihlawī, ʻAbd al-ʻAzīz ibn Aḥmad,</subfield>
      <subfield code="d">1746 or 1747-1823 or 1824.</subfield>
      <subfield code="0">http://id.loc.gov/authorities/names/nr90021765</subfield>
   </datafield>
   <datafield ind1="1" ind2="0" tag="240">
      <subfield code="6">880-02</subfield>
      <subfield code="a">Tuḥfah-ʼi Is̲nay ʻAsharīyah.</subfield>
      <subfield code="l">Arabic</subfield>
   </datafield>
   <datafield ind1="1" ind2="0" tag="245">
      <subfield code="6">880-03</subfield>
      <subfield code="a">Mukhtaṣar al-Tuḥfah al-Ithnay ʻAsharīyah /</subfield>
      <subfield code="c">allafa aṣlahu bi-al-lughah al-Fārsīyah ʻAbd al-ʻAziz al-Dihlawī ibn Shāh Wali Allāh Aḥmad ibn ʻAbd al-Raḥīm al-Dihlawī ; naqalahu min al-Farsīyah ilá al-ʻArabīyah sanat 1227 Muḥammad ibn Muḥyī al-Dīn ibn ʻUmar al-Aslamī ; ikhtaṣarahu wa-hadhdhabahu sanat 1301 H Maḥmūd Shukrī al-Ālūsī ; ḥaqqaqahu wa-ʻallaqa ḥawāshīhi Muḥibb al-Dīn al-Khaṭīb.</subfield>
   </datafield>
   <datafield ind1=" " ind2=" " tag="260">
      <subfield code="6">880-04</subfield>
      <subfield code="a">[Cairo] :</subfield>
      <subfield code="b">al-Maṭbaʻah al-Salafīyah,</subfield>
      <subfield code="c">1373 [1953 or 4]</subfield>
   </datafield>
   <datafield ind1=" " ind2=" " tag="300">
      <subfield code="a">16, 336 p. ;</subfield>
      <subfield code="c">24 cm.</subfield>
   </datafield>
   <datafield ind1=" " ind2=" " tag="500">
      <subfield code="a">Abridgment of the Arabic translation of Tuḥfah-ʼi Is̲nay ʻAsharīyah.</subfield>
   </datafield>
   <datafield ind1=" " ind2=" " tag="504">
      <subfield code="a">Includes bibliographical references.</subfield>
   </datafield>
   <datafield ind1=" " ind2="0" tag="650">
      <subfield code="a">Shīʻah</subfield>
      <subfield code="x">Doctrines.</subfield>
      <subfield code="0">http://id.loc.gov/authorities/subjects/sh85121391</subfield>
   </datafield>
   <datafield ind1="1" ind2=" " tag="700">
      <subfield code="6">880-05</subfield>
      <subfield code="a">Ālūsī, Maḥmūd Shukrī,</subfield>
      <subfield code="d">1857-1924.</subfield>
      <subfield code="0">http://id.loc.gov/authorities/names/n84077213</subfield>
   </datafield>
   <datafield ind1="1" ind2=" " tag="700">
      <subfield code="6">880-06</subfield>
      <subfield code="a">Khaṭīb, Muḥibb al-Dīn.</subfield>
   </datafield>
   <datafield ind1="1" ind2=" " tag="880">
      <subfield code="6">100-01/r</subfield>
      <subfield code="a">دهلوي، عبد العزيز بن احمد،</subfield>
      <subfield code="d">1746 or 1747-1823 or 1824.</subfield>
   </datafield>
   <datafield ind1="1" ind2="0" tag="880">
      <subfield code="6">240-02/r</subfield>
      <subfield code="a">تحفهئ اöسني عشرية.</subfield>
      <subfield code="l">ارب</subfield>
   </datafield>
   <datafield ind1="1" ind2="0" tag="880">
      <subfield code="6">245-03/r</subfield>
      <subfield code="a">مختصر التحفة الاثني عشرية /</subfield>
      <subfield code="c">الف اصله باللغة الفارسية عبد العزز الدهلوي بن شاه ول الله احمد بن عبد الرحيم الدهلوي ؛ نقله من الفرسية الى العربية سنة 1227 محمد بن محيي الدين بن عمر الاسلمي ؛ اختصره وهذبه سنة 1301 ه محمود شكري الالوسي ؛ حققه وعلق حواشيه محب الدين الخطيب.</subfield>
   </datafield>
   <datafield ind1=" " ind2=" " tag="880">
      <subfield code="6">260-04/r</subfield>
      <subfield code="a">[القاهرة] :</subfield>
      <subfield code="b">المطبعة السلفية،</subfield>
      <subfield code="c">1373 [1953 or 4]</subfield>
   </datafield>
   <datafield ind1="1" ind2=" " tag="880">
      <subfield code="6">700-05/r</subfield>
      <subfield code="a">آلوسي، محمود شكري،</subfield>
      <subfield code="d">1857-1924.</subfield>
   </datafield>
   <datafield ind1="1" ind2=" " tag="880">
      <subfield code="6">700-06/r</subfield>
      <subfield code="a">خطيب، محب الدين.</subfield>
   </datafield>
   <datafield ind1=" " ind2=" " tag="911">
      <subfield code="a">20000402</subfield>
   </datafield>
   <datafield ind1=" " ind2=" " tag="994">
      <subfield code="a">C0</subfield>
      <subfield code="b">PUL</subfield>
   </datafield>
   <datafield ind1=" " ind2=" " tag="999">
      <subfield code="a">2931843</subfield>
   </datafield>
   <datafield ind1="0" ind2="0" tag="852">
      <subfield code="0">3246429</subfield>
      <subfield code="b">rcppa</subfield>
      <subfield code="t">1</subfield>
      <subfield code="h">BP194</subfield>
      <subfield code="i">.D545124 1953</subfield>
      <subfield code="x">tr fr nec</subfield>
   </datafield>
   <datafield ind1=" " ind2=" " tag="959">
      <subfield code="a">2009-08-25 15:18:57 -0400</subfield>
   </datafield>
</record>
